@article{benuzziSkewnessseekingBehaviorFinancial2024,
  title = {Skewness-Seeking Behavior and Financial Investments},
  author = {Benuzzi, Matteo and Ploner, Matteo},
  year = {2024},
  journaltitle = {Annals of Finance},
  shortjournal = {Ann Finance},
  volume = {20},
  number = {1},
  pages = {129--165},
  issn = {1614-2454},
  doi = {10.1007/s10436-023-00437-y},
  url = {https://doi.org/10.1007/s10436-023-00437-y},
  urldate = {2025-05-09},
  langid = {english}
}

@book{boydConvexOptimization2004,
  title = {Convex Optimization},
  author = {Boyd, Stephen P. and Vandenberghe, Lieven},
  year = {2004},
  publisher = {Cambridge University Press},
  location = {Cambridge, UK ; New York},
  isbn = {978-0-521-83378-3},
  langid = {english},
  pagetotal = {716}
}

@online{boydMarkowitzPortfolioConstruction2024,
  title = {Markowitz {{Portfolio Construction}} at {{Seventy}}},
  author = {Boyd, Stephen and Johansson, Kasper and Kahn, Ronald and Schiele, Philipp and Schmelzer, Thomas},
  year = {2024},
  eprint = {2401.05080},
  eprinttype = {arXiv},
  eprintclass = {q-fin},
  doi = {10.48550/arXiv.2401.05080},
  url = {http://arxiv.org/abs/2401.05080},
  urldate = {2025-05-09},
  pubstate = {prepublished}
}

@online{cuiDecisionMakingCumulative2024,
  title = {Decision {{Making}} under {{Cumulative Prospect Theory}}: {{An Alternating Direction Method}} of {{Multipliers}}},
  shorttitle = {Decision {{Making}} under {{Cumulative Prospect Theory}}},
  author = {Cui, Xiangyu and Jiang, Rujun and Shi, Yun and Xiao, Rufeng and Yan, Yifan},
  year = {2024},
  eprint = {2210.02626},
  eprinttype = {arXiv},
  eprintclass = {math},
  doi = {10.48550/arXiv.2210.02626},
  url = {http://arxiv.org/abs/2210.02626},
  urldate = {2025-05-10},
  pubstate = {prepublished}
}

@online{ebertSkewnessPreferencePopularity2016,
  type = {SSRN Scholarly Paper},
  title = {Skewness {{Preference}} and the {{Popularity}} of {{Technical Analysis}}},
  author = {Ebert, Sebastian and Hilpert, Christian},
  year = {2016},
  number = {2354962},
  eprint = {2354962},
  eprinttype = {Social Science Research Network},
  location = {Rochester, NY},
  doi = {10.2139/ssrn.2354962},
  url = {https://papers.ssrn.com/abstract=2354962},
  urldate = {2025-05-09},
  langid = {english},
  pubstate = {prepublished}
}

@article{eltonModernPortfolioTheory1997,
  title = {Modern Portfolio Theory, 1950 to Date},
  author = {Elton, Edwin J and Gruber, Martin J},
  year = {1997},
  journaltitle = {Journal of Banking \& Finance},
  shortjournal = {Journal of Banking \& Finance},
  volume = {21},
  number = {11},
  pages = {1743--1759},
  issn = {0378-4266},
  doi = {10.1016/S0378-4266(97)00048-4},
  url = {https://www.sciencedirect.com/science/article/pii/S0378426697000484},
  urldate = {2025-05-09}
}

@article{goncalvesHigherOrderPortfolio2022,
  title = {A Higher Order Portfolio Optimization Model Incorporating Information Entropy},
  author = {Gon√ßalves, Guilherme and Wanke, Peter and Tan, Yong},
  year = {2022},
  journaltitle = {Intelligent Systems with Applications},
  shortjournal = {Intelligent Systems with Applications},
  volume = {15},
  pages = {200101},
  issn = {2667-3053},
  doi = {10.1016/j.iswa.2022.200101},
  url = {https://www.sciencedirect.com/science/article/pii/S2667305322000394},
  urldate = {2025-05-09}
}

@book{hornMatrixAnalysis2017,
  title = {Matrix {{Analysis}}},
  author = {Horn, Roger A. and Johnson, Charles R.},
  year = {2017},
  edition = {Second edition, corrected reprint},
  publisher = {Cambridge University Press},
  location = {New York, NY},
  isbn = {978-0-521-83940-2 978-0-521-54823-6},
  langid = {english},
  pagetotal = {643}
}

@article{jiangEffectsSkewnessKurtosis2025,
  title = {The Effects of Skewness and Kurtosis on Production and Hedging Decisions: A {{Gram-Charlier}} Expansion Approach},
  shorttitle = {The Effects of Skewness and Kurtosis on Production and Hedging Decisions},
  author = {Jiang, Xuejun and Cheng, Lingju and Dai, Xinjie},
  year = {2025},
  journaltitle = {Financial Innovation},
  shortjournal = {Financial Innovation},
  volume = {11},
  number = {1},
  pages = {70},
  issn = {2199-4730},
  doi = {10.1186/s40854-024-00680-w},
  url = {https://doi.org/10.1186/s40854-024-00680-w},
  urldate = {2025-05-09}
}

@incollection{KernelDensityEstimators2015,
  title = {Kernel {{Density Estimators}}},
  booktitle = {Multivariate {{Density Estimation}}},
  year = {2015},
  pages = {137--216},
  publisher = {John Wiley \& Sons, Ltd},
  doi = {10.1002/9781118575574.ch6},
  url = {https://onlinelibrary.wiley.com/doi/abs/10.1002/9781118575574.ch6},
  urldate = {2025-05-11},
  isbn = {978-1-118-57557-4},
  langid = {english}
}

@article{kligerTheoriesChoiceRisk2009,
  title = {Theories of Choice under Risk: {{Insights}} from Financial Markets},
  shorttitle = {Theories of Choice under Risk},
  author = {Kliger, Doron and Levy, Ori},
  year = {2009},
  journaltitle = {Journal of Economic Behavior \& Organization},
  shortjournal = {Journal of Economic Behavior \& Organization},
  volume = {71},
  number = {2},
  pages = {330--346},
  issn = {0167-2681},
  doi = {10.1016/j.jebo.2009.01.012},
  url = {https://www.sciencedirect.com/science/article/pii/S0167268109000328},
  urldate = {2025-05-10}
}

@article{konnoMeanVarianceSkewnessPortfolioOptimization1995,
  title = {A {{Mean-Variance-Skewness Portfolio Optimization Model}}},
  author = {Konno, Hiroshi and Suzuki, Ken-ichi},
  year = {1995},
  journaltitle = {Journal of the Operations Research Society of Japan},
  volume = {38},
  number = {2},
  pages = {173--187},
  doi = {10.15807/jorsj.38.173}
}

@article{kunImportanceSkewnessInvestor2017,
  title = {Importance of {{Skewness}} in {{Investor Utility}}: {{Evidence}} from the {{Chinese Stock Markets}}},
  shorttitle = {Importance of {{Skewness}} in {{Investor Utility}}},
  author = {Kun, Patrick Kuok},
  year = {2017},
  journaltitle = {Journal of Mathematical Finance},
  volume = {7},
  number = {4},
  pages = {881--895},
  publisher = {Scientific Research Publishing},
  doi = {10.4236/jmf.2017.74047},
  url = {https://www.scirp.org/journal/paperinformation?paperid=80137},
  urldate = {2025-05-09},
  issue = {4},
  langid = {english}
}

@inproceedings{laiMeanVarianceSkewnessKurtosisbasedPortfolioOptimization2006,
  title = {Mean-{{Variance-Skewness-Kurtosis-based Portfolio Optimization}}},
  booktitle = {First {{International Multi-Symposiums}} on {{Computer}} and {{Computational Sciences}} ({{IMSCCS}}'06)},
  author = {Lai, Kin Keung and Yu, Lean and Wang, Shouyang},
  year = {2006},
  pages = {292--297},
  publisher = {IEEE},
  location = {Hangzhou, Zhejiang, China},
  doi = {10.1109/IMSCCS.2006.239},
  url = {http://ieeexplore.ieee.org/document/4673719/},
  urldate = {2025-05-10},
  eventtitle = {2006 {{International Multi-Symposiums}} on {{Computer}} and {{Computational Sciences}} ({{IMSCCS}})},
  langid = {english}
}

@online{luxenbergPortfolioConstructionGaussian2022,
  title = {Portfolio {{Construction}} with {{Gaussian Mixture Returns}} and {{Exponential Utility}} via {{Convex Optimization}}},
  author = {Luxenberg, Eric and Boyd, Stephen},
  year = {2022},
  eprint = {2205.04563},
  eprinttype = {arXiv},
  eprintclass = {math},
  doi = {10.48550/arXiv.2205.04563},
  url = {http://arxiv.org/abs/2205.04563},
  urldate = {2025-05-11},
  pubstate = {prepublished}
}

@article{luxenbergPortfolioConstructionGaussian2024,
  title = {Portfolio Construction with {{Gaussian}} Mixture Returns and Exponential Utility via Convex Optimization},
  author = {Luxenberg, Eric and Boyd, Stephen},
  year = {2024},
  journaltitle = {Optimization and Engineering},
  shortjournal = {Optim Eng},
  volume = {25},
  number = {1},
  pages = {555--574},
  issn = {1573-2924},
  doi = {10.1007/s11081-023-09814-y},
  url = {https://doi.org/10.1007/s11081-023-09814-y},
  urldate = {2025-05-09},
  langid = {english}
}

@article{luxenbergPortfolioOptimizationCumulative2024,
  title = {Portfolio {{Optimization}} with {{Cumulative Prospect Theory Utility}} via {{Convex Optimization}}},
  author = {Luxenberg, Eric and Schiele, Philipp and Boyd, Stephen},
  year = {2024},
  journaltitle = {Computational Economics},
  shortjournal = {Comput Econ},
  volume = {64},
  number = {5},
  pages = {3027--3047},
  issn = {0927-7099, 1572-9974},
  doi = {10.1007/s10614-024-10556-x},
  url = {https://link.springer.com/10.1007/s10614-024-10556-x},
  urldate = {2025-05-10},
  langid = {english}
}

@article{mandalHigherorderMomentsPortfolio2024,
  title = {Higher-Order Moments in Portfolio Selection Problems: {{A}} Comprehensive Literature Review},
  shorttitle = {Higher-Order Moments in Portfolio Selection Problems},
  author = {Mandal, Pawan Kumar and Thakur, Manoj},
  year = {2024},
  journaltitle = {Expert Systems with Applications},
  shortjournal = {Expert Systems with Applications},
  volume = {238},
  pages = {121625},
  issn = {0957-4174},
  doi = {10.1016/j.eswa.2023.121625},
  url = {https://www.sciencedirect.com/science/article/pii/S0957417423021279},
  urldate = {2025-05-09}
}

@article{maoSurveyCapitalBudgeting1970,
  title = {Survey of {{Capital Budgeting}}: {{Theory}} and {{Practice}}},
  shorttitle = {Survey of {{Capital Budgeting}}},
  author = {Mao, James C. T.},
  year = {1970},
  journaltitle = {The Journal of Finance},
  volume = {25},
  number = {2},
  eprint = {2325481},
  eprinttype = {jstor},
  pages = {349--360},
  publisher = {[American Finance Association, Wiley]},
  issn = {0022-1082},
  doi = {10.2307/2325481},
  url = {https://www.jstor.org/stable/2325481},
  urldate = {2025-05-09}
}

@article{markowitzPortfolioSelection1952,
  title = {Portfolio {{Selection}}},
  author = {Markowitz, Harry},
  year = {1952},
  journaltitle = {The Journal of Finance},
  volume = {7},
  number = {1},
  eprint = {2975974},
  eprinttype = {jstor},
  pages = {77--91},
  publisher = {[American Finance Association, Wiley]},
  issn = {0022-1082},
  doi = {10.2307/2975974},
  url = {https://www.jstor.org/stable/2975974},
  urldate = {2025-05-09}
}

@article{mynbayevaWhyEstimationAlone2022,
  title = {Why Estimation Alone Causes {{Markowitz}} Portfolio Selection to Fail and What We Might Do about It},
  author = {Mynbayeva, Elmira and Lamb, John D. and Zhao, Yuan},
  year = {2022},
  journaltitle = {European Journal of Operational Research},
  shortjournal = {European Journal of Operational Research},
  volume = {301},
  number = {2},
  pages = {694--707},
  issn = {0377-2217},
  doi = {10.1016/j.ejor.2021.11.036},
  url = {https://www.sciencedirect.com/science/article/pii/S0377221721009863},
  urldate = {2025-05-09}
}

@online{nguyenRobustifyingConditionalPortfolio2024,
  title = {Robustifying {{Conditional Portfolio Decisions}} via {{Optimal Transport}}},
  author = {Nguyen, Viet Anh and Zhang, Fan and Wang, Shanshan and Blanchet, Jose and Delage, Erick and Ye, Yinyu},
  year = {2024},
  eprint = {2103.16451},
  eprinttype = {arXiv},
  eprintclass = {q-fin},
  doi = {10.48550/arXiv.2103.16451},
  url = {http://arxiv.org/abs/2103.16451},
  urldate = {2025-05-11},
  pubstate = {prepublished}
}

@incollection{OtherApplications2015,
  title = {Other {{Applications}}},
  booktitle = {Multivariate {{Density Estimation}}},
  year = {2015},
  pages = {267--295},
  publisher = {John Wiley \& Sons, Ltd},
  doi = {10.1002/9781118575574.ch9},
  url = {https://onlinelibrary.wiley.com/doi/abs/10.1002/9781118575574.ch9},
  urldate = {2025-05-11},
  isbn = {978-1-118-57557-4},
  langid = {english}
}

@article{quigginTheoryAnticipatedUtility1982,
  title = {A Theory of Anticipated Utility},
  author = {Quiggin, John},
  year = {1982},
  journaltitle = {Journal of Economic Behavior \& Organization},
  volume = {3},
  number = {4},
  pages = {323--343},
  publisher = {Elsevier},
  issn = {0167-2681},
  url = {https://EconPapers.repec.org/RePEc:eee:jeborg:v:3:y:1982:i:4:p:323-343},
  urldate = {2025-05-10}
}

@article{rednerMixtureDensitiesMaximum1984,
  title = {Mixture {{Densities}}, {{Maximum Likelihood}} and the {{EM Algorithm}}},
  author = {Redner, Richard A. and Walker, Homer F.},
  year = {1984},
  journaltitle = {SIAM Review},
  shortjournal = {SIAM Rev.},
  volume = {26},
  number = {2},
  pages = {195--239},
  issn = {0036-1445, 1095-7200},
  doi = {10.1137/1026034},
  url = {http://epubs.siam.org/doi/10.1137/1026034},
  urldate = {2025-05-12},
  langid = {english}
}

@article{tverskyAdvancesProspectTheory1992,
  title = {Advances in Prospect Theory: {{Cumulative}} Representation of Uncertainty},
  shorttitle = {Advances in Prospect Theory},
  author = {Tversky, Amos and Kahneman, Daniel},
  year = {1992},
  journaltitle = {Journal of Risk and Uncertainty},
  shortjournal = {J Risk Uncertainty},
  volume = {5},
  number = {4},
  pages = {297--323},
  issn = {1573-0476},
  doi = {10.1007/BF00122574},
  url = {https://doi.org/10.1007/BF00122574},
  urldate = {2025-05-10},
  langid = {english}
}

@article{virtanenSciPy10Fundamental2020,
  title = {{{SciPy}} 1.0: Fundamental Algorithms for Scientific Computing in {{Python}}},
  shorttitle = {{{SciPy}} 1.0},
  author = {Virtanen, Pauli and Gommers, Ralf and Oliphant, Travis E. and Haberland, Matt and Reddy, Tyler and Cournapeau, David and Burovski, Evgeni and Peterson, Pearu and Weckesser, Warren and Bright, Jonathan and Van Der Walt, St√©fan J. and Brett, Matthew and Wilson, Joshua and Millman, K. Jarrod and Mayorov, Nikolay and Nelson, Andrew R. J. and Jones, Eric and Kern, Robert and Larson, Eric and Carey, C J and Polat, ƒ∞lhan and Feng, Yu and Moore, Eric W. and VanderPlas, Jake and Laxalde, Denis and Perktold, Josef and Cimrman, Robert and Henriksen, Ian and Quintero, E. A. and Harris, Charles R. and Archibald, Anne M. and Ribeiro, Ant√¥nio H. and Pedregosa, Fabian and Van Mulbregt, Paul and {SciPy 1.0 Contributors} and Vijaykumar, Aditya and Bardelli, Alessandro Pietro and Rothberg, Alex and Hilboll, Andreas and Kloeckner, Andreas and Scopatz, Anthony and Lee, Antony and Rokem, Ariel and Woods, C. Nathan and Fulton, Chad and Masson, Charles and H√§ggstr√∂m, Christian and Fitzgerald, Clark and Nicholson, David A. and Hagen, David R. and Pasechnik, Dmitrii V. and Olivetti, Emanuele and Martin, Eric and Wieser, Eric and Silva, Fabrice and Lenders, Felix and Wilhelm, Florian and Young, G. and Price, Gavin A. and Ingold, Gert-Ludwig and Allen, Gregory E. and Lee, Gregory R. and Audren, Herv√© and Probst, Irvin and Dietrich, J√∂rg P. and Silterra, Jacob and Webber, James T and Slaviƒç, Janko and Nothman, Joel and Buchner, Johannes and Kulick, Johannes and Sch√∂nberger, Johannes L. and De Miranda Cardoso, Jos√© Vin√≠cius and Reimer, Joscha and Harrington, Joseph and Rodr√≠guez, Juan Luis Cano and Nunez-Iglesias, Juan and Kuczynski, Justin and Tritz, Kevin and Thoma, Martin and Newville, Matthew and K√ºmmerer, Matthias and Bolingbroke, Maximilian and Tartre, Michael and Pak, Mikhail and Smith, Nathaniel J. and Nowaczyk, Nikolai and Shebanov, Nikolay and Pavlyk, Oleksandr and Brodtkorb, Per A. and Lee, Perry and McGibbon, Robert T. and Feldbauer, Roman and Lewis, Sam and Tygier, Sam and Sievert, Scott and Vigna, Sebastiano and Peterson, Stefan and More, Surhud and Pudlik, Tadeusz and Oshima, Takuya and Pingel, Thomas J. and Robitaille, Thomas P. and Spura, Thomas and Jones, Thouis R. and Cera, Tim and Leslie, Tim and Zito, Tiziano and Krauss, Tom and Upadhyay, Utkarsh and Halchenko, Yaroslav O. and V√°zquez-Baeza, Yoshiki},
  year = {2020},
  journaltitle = {Nature Methods},
  shortjournal = {Nat Methods},
  volume = {17},
  number = {3},
  pages = {261--272},
  issn = {1548-7091, 1548-7105},
  doi = {10.1038/s41592-019-0686-2},
  url = {https://www.nature.com/articles/s41592-019-0686-2},
  urldate = {2025-05-12},
  langid = {english}
}

@online{wangEfficientScalableParametric2023,
  title = {Efficient and {{Scalable Parametric High-Order Portfolios Design}} via the {{Skew-t Distribution}}},
  author = {Wang, Xiwen and Zhou, Rui and Ying, Jiaxi and Palomar, Daniel P.},
  year = {2023},
  eprint = {2206.02412},
  eprinttype = {arXiv},
  eprintclass = {eess},
  doi = {10.48550/arXiv.2206.02412},
  url = {http://arxiv.org/abs/2206.02412},
  urldate = {2025-05-10},
  pubstate = {prepublished}
}

@article{wangRobustContextualPortfolio2022,
  title = {Robust {{Contextual Portfolio Optimization}} with {{Gaussian Mixture Models}}},
  author = {Wang, Yijie and Dai, Ling and Hanasusanto, Grani A and Ho, Chin Pang},
  year = {2022},
  url = {https://optimization-online.org/?p=19079},
  langid = {english}
}
